@article{nemoto2019optimizing,
  title={Optimizing active work: Dynamical phase transitions, collective motion, and jamming},
  author={Nemoto, Takahiro and Fodor, Etienne and Cates, Michael E and Jack, Robert L and Tailleur, Julien},
  journal={Physical Review E},
  volume={99},
  number={2},
  pages={022605},
  year={2019},
  publisher={APS}
}

@article{nemoto2016population,
  title={Population-dynamics method with a multicanonical feedback control},
  author={Nemoto, Takahiro and Bouchet, Freddy and Jack, Robert L and Lecomte, Vivien},
  journal={Physical Review E},
  volume={93},
  number={6},
  pages={062123},
  year={2016},
  publisher={APS}
}

@article{garrahan2009first,
  title={First-order dynamical phase transition in models of glasses: an approach based on ensembles of histories},
  author={Garrahan, Juan P and Jack, Robert L and Lecomte, Vivien and Pitard, Estelle and van Duijvendijk, Kristina and van Wijland, Fr{\'e}d{\'e}ric},
  journal={Journal of Physics A: Mathematical and Theoretical},
  volume={42},
  number={7},
  pages={075007},
  year={2009},
  publisher={IOP Publishing}
}

@article{keta2020collective,
  title={Collective motion in large deviations of active particles},
  author={Keta, Yann-Edwin and Fodor, Étienne and van Wijland, Frédéric and Cates, Michael E. and Jack, Robert L.},
  journal={arXiv preprint arXiv:2009.07112},
  year={2020}
}
