@article{slowman2016jamming,
  title={Jamming and attraction of interacting run-and-tumble random walkers},
  author={Slowman, AB and Evans, MR and Blythe, RA},
  journal={Physical review letters},
  volume={116},
  number={21},
  pages={218101},
  year={2016},
  publisher={APS}
}

