@article{Slowman2016,
  title={Jamming and attraction of interacting run-and-tumble random walkers},
  author={Slowman, AB and Evans, MR and Blythe, RA},
  journal={Physical review letters},
  volume={116},
  number={21},
  pages={218101},
  year={2016},
  publisher={APS},
	doi={10.1103/PhysRevLett.116.218101}
}

@article{Nemoto2016,
  title={Population-dynamics method with a multicanonical feedback control},
  author={Nemoto, Takahiro and Bouchet, Freddy and Jack, Robert L and Lecomte, Vivien},
  journal={Physical Review E},
  volume={93},
  number={6},
  pages={062123},
  year={2016},
  publisher={APS},
  doi={10.1103/PhysRevE.93.062123}
}

@inproceedings{Chetrite2015,
  title={Nonequilibrium Markov processes conditioned on large deviations},
  author={Chetrite, Rapha{\"e}l and Touchette, Hugo},
  booktitle={Annales Henri Poincar{\'e}},
  volume={16},
  number={9},
  pages={2005--2057},
  year={2015},
  organization={Springer},
  doi={10.1007/s00023-014-0375-8}
}
