@article{cates2015motility,
  title={Motility-induced phase separation},
  author={Cates, Michael E and Tailleur, Julien},
  journal={Annu. Rev. Condens. Matter Phys.},
  volume={6},
  number={1},
  pages={219--244},
  year={2015},
  publisher={Annual Reviews},
  doi={10.1146/annurev-conmatphys-031214-014710}
}

@article{marchetti2013hydrodynamics,
  title={Hydrodynamics of soft active matter},
  author={Marchetti, M Cristina and Joanny, Jean-Fran{\c{c}}ois and Ramaswamy, Sriram and Liverpool, Tanniemola B and Prost, Jacques and Rao, Madan and Simha, R Aditi},
  journal={Reviews of Modern Physics},
  volume={85},
  number={3},
  pages={1143},
  year={2013},
  publisher={APS},
  doi={10.1103/RevModPhys.85.1143}
}

@article{berthier2019lectures,
  title={Lectures on non-equilibrium active systems},
  author={Berthier, Ludovic and Kurchan, Jorge},
  journal={arXiv preprint arXiv:1906.04039},
  year={2019},
  url={https://arxiv.org/abs/1906.04039}
}

@article{vicsek1995novel,
  title={Novel type of phase transition in a system of self-driven particles},
  author={Vicsek, Tam{\'a}s and Czir{\'o}k, Andr{\'a}s and Ben-Jacob, Eshel and Cohen, Inon and Shochet, Ofer},
  journal={Physical Review Letters},
  volume={75},
  number={6},
  pages={1226},
  year={1995},
  publisher={APS},
  doi={10.1103/PhysRevLett.75.1226}
}

@article{szabo2006phase,
  title={Phase transition in the collective migration of tissue cells: experiment and model},
  author={Szabo, Balint and Sz{\"o}ll{\"o}si, GJ and G{\"o}nci, B and Jur{\'a}nyi, Zs and Selmeczi, David and Vicsek, Tam{\'a}s},
  journal={Physical Review E},
  volume={74},
  number={6},
  pages={061908},
  year={2006},
  publisher={APS},
  doi={10.1103/PhysRevE.74.061908}
}

@article{keta2019cooperative,
  title={Cooperative motion and shear strain correlations in dense 2D systems of self-propelled soft disks},
  author={Keta, Yann-Edwin and Rottler, J{\"o}rg},
  journal={EPL (Europhysics Letters)},
  volume={125},
  number={5},
  pages={58004},
  year={2019},
  publisher={IOP Publishing},
  doi={10.1209/0295-5075/125/58004}
}

@article{nemoto2019optimizing,
  title={Optimizing active work: Dynamical phase transitions, collective motion, and jamming},
  author={Nemoto, Takahiro and Fodor, Etienne and Cates, Michael E and Jack, Robert L and Tailleur, Julien},
  journal={Physical Review E},
  volume={99},
  number={2},
  pages={022605},
  year={2019},
  publisher={APS},
  doi={10.1103/PhysRevE.99.022605}
}

@article{redner2013structure,
  title={Structure and dynamics of a phase-separating active colloidal fluid},
  author={Redner, Gabriel S and Hagan, Michael F and Baskaran, Aparna},
  journal={Physical Review Letters},
  volume={110},
  number={5},
  pages={055701},
  year={2013},
  publisher={APS},
  doi={10.1103/PhysRevLett.110.055701}
}

@article{touchette2009large,
  title={The large deviation approach to statistical mechanics},
  author={Touchette, Hugo},
  journal={Physics Reports},
  volume={478},
  number={1-3},
  pages={1--69},
  year={2009},
  publisher={Elsevier},
  doi={10.1016/j.physrep.2009.05.002}
}

@article{nemoto2016population,
  title={Population-dynamics method with a multicanonical feedback control},
  author={Nemoto, Takahiro and Bouchet, Freddy and Jack, Robert L and Lecomte, Vivien},
  journal={Physical Review E},
  volume={93},
  number={6},
  pages={062123},
  year={2016},
  publisher={APS},
  doi={10.1103/PhysRevE.93.062123}
}

@article{garrahan2009first,
  title={First-order dynamical phase transition in models of glasses: an approach based on ensembles of histories},
  author={Garrahan, Juan P and Jack, Robert L and Lecomte, Vivien and Pitard, Estelle and van Duijvendijk, Kristina and van Wijland, Fr{\'e}d{\'e}ric},
  journal={Journal of Physics A: Mathematical and Theoretical},
  volume={42},
  number={7},
  pages={075007},
  year={2009},
  publisher={IOP Publishing},
  doi={10.1088/1751-8113/42/7/075007}
}

@article{touchette2018introduction,
  title={Introduction to dynamical large deviations of Markov processes},
  author={Touchette, Hugo},
  journal={Physica A: Statistical Mechanics and its Applications},
  volume={504},
  pages={5--19},
  year={2018},
  publisher={Elsevier},
  doi={10.1016/j.physa.2017.10.046}
}

@inproceedings{chetrite2015nonequilibrium,
  title={Nonequilibrium Markov processes conditioned on large deviations},
  author={Chetrite, Rapha{\"e}l and Touchette, Hugo},
  booktitle={Annales Henri Poincar{\'e}},
  volume={16},
  number={9},
  pages={2005--2057},
  year={2015},
  organization={Springer},
  doi={10.1007/s00023-014-0375-8}
}

@article{slowman2016jamming,
  title={Jamming and attraction of interacting run-and-tumble random walkers},
  author={Slowman, AB and Evans, MR and Blythe, RA},
  journal={Physical Review Letters},
  volume={116},
  number={21},
  pages={218101},
  year={2016},
  publisher={APS},
  doi={10.1103/PhysRevLett.116.218101}
}

@article{arnoulx2019active,
  title={Active hard spheres in infinitely many dimensions},
  author={Arnoulx de Pirey, Thibaut and Lozano, Gustavo and van Wijland, Fr{\'e}d{\'e}ric},
  journal={Physical Review Letters},
  volume={123},
  number={26},
  pages={260602},
  year={2019},
  publisher={APS},
  doi={10.1103/PhysRevLett.123.260602}
}

@article{cates2013active,
  title={When are active Brownian particles and run-and-tumble particles equivalent? Consequences for motility-induced phase separation},
  author={Cates, Michael E and Tailleur, Julien},
  journal={EPL (Europhysics Letters)},
  volume={101},
  number={2},
  pages={20010},
  year={2013},
  publisher={IOP Publishing},
  doi={10.1209/0295-5075/101/20010}
}

@article{kourbane2018exact,
  title={Exact hydrodynamic description of active lattice gases},
  author={Kourbane-Houssene, Mourtaza and Erignoux, Cl{\'e}ment and Bodineau, Thierry and Tailleur, Julien},
  journal={Physical Review Letters},
  volume={120},
  number={26},
  pages={268003},
  year={2018},
  publisher={APS},
  doi={10.1103/PhysRevLett.120.268003}
}

@article{bertini2015macroscopic,
  title={Macroscopic fluctuation theory},
  author={Bertini, Lorenzo and De Sole, Alberto and Gabrielli, Davide and Jona-Lasinio, Giovanni and Landim, Claudio},
  journal={Reviews of Modern Physics},
  volume={87},
  number={2},
  pages={593},
  year={2015},
  publisher={APS},
  doi={10.1103/RevModPhys.87.593}
}

@article{dolezal2019large,
  title={Large deviations and optimal control forces for hard particles in one dimension},
  author={Dolezal, Jakub and Jack, Robert L},
  journal={Journal of Statistical Mechanics: Theory and Experiment},
  volume={2019},
  number={12},
  pages={123208},
  year={2019},
  publisher={IOP Publishing},
  doi={10.1088/1742-5468/ab4801}
}

@article{jack2020ergodicity,
  title={Ergodicity and large deviations in physical systems with stochastic dynamics},
  author={Jack, Robert L},
  journal={The European Physical Journal B},
  volume={93},
  pages={1--22},
  year={2020},
  publisher={Springer},
  doi={10.1140/epjb/e2020-100605-3}
}

@article{cates2019active,
  title={Active field theories},
  author={Cates, Michael E},
  journal={arXiv preprint arXiv:1904.01330},
  year={2019},
  url={https://arxiv.org/abs/1904.01330}
}

@book{goldenfeld2018lectures,
  title={Lectures on phase transitions and the renormalization group},
  author={Goldenfeld, Nigel},
  year={2018},
  publisher={CRC Press},
  isbn={978-0-429-49349-2}
}

@article{cagnetta2020efficiency,
  title={Efficiency of one-dimensional active transport conditioned on motility},
  author={Cagnetta, Francesco and Mallmin, Emil},
  journal={Physical Review E},
  volume={101},
  number={2},
  pages={022130},
  year={2020},
  publisher={APS},
  doi={10.1103/PhysRevE.101.022130}
}

@article{keta2021collective,
  title={Collective motion in large deviations of active particles},
  author={Keta, Yann-Edwin and Fodor, {\'E}tienne and van Wijland, Fr{\'e}d{\'e}ric and Cates, Michael E and Jack, Robert L},
  journal={Physical Review E},
  volume={103},
  number={2},
  pages={022603},
  year={2021},
  publisher={APS},
  doi={10.1103/PhysRevE.103.022603}
}
