@article{nemoto2019optimizing,
  title={Optimizing active work: Dynamical phase transitions, collective motion, and jamming},
  author={Nemoto, Takahiro and Fodor, Etienne and Cates, Michael E and Jack, Robert L and Tailleur, Julien},
  journal={Physical Review E},
  volume={99},
  number={2},
  pages={022605},
  year={2019},
  publisher={APS},
  doi={10.1103/PhysRevE.99.022605}
}

@article{redner2013structure,
  title={Structure and dynamics of a phase-separating active colloidal fluid},
  author={Redner, Gabriel S and Hagan, Michael F and Baskaran, Aparna},
  journal={Physical Review Letters},
  volume={110},
  number={5},
  pages={055701},
  year={2013},
  publisher={APS},
  doi={10.1103/PhysRevLett.110.055701}
}

@article{nemoto2016population,
  title={Population-dynamics method with a multicanonical feedback control},
  author={Nemoto, Takahiro and Bouchet, Freddy and Jack, Robert L and Lecomte, Vivien},
  journal={Physical Review E},
  volume={93},
  number={6},
  pages={062123},
  year={2016},
  publisher={APS},
  doi={10.1103/PhysRevE.93.062123}
}

@article{touchette2009large,
  title={The large deviation approach to statistical mechanics},
  author={Touchette, Hugo},
  journal={Physics Reports},
  volume={478},
  number={1-3},
  pages={1--69},
  year={2009},
  publisher={Elsevier},
  doi={10.1016/j.physrep.2009.05.002}
}

@article{jack2020ergodicity,
  title={Ergodicity and large deviations in physical systems with stochastic dynamics},
  author={Jack, Robert L},
  journal={The European Physical Journal B},
  volume={93},
  pages={1--22},
  year={2020},
  publisher={Springer},
  doi={10.1140/epjb/e2020-100605-3}
}

@article{keta2021collective,
  title={Collective motion in large deviations of active particles},
  author={Keta, Yann-Edwin and Fodor, {\'E}tienne and van Wijland, Fr{\'e}d{\'e}ric and Cates, Michael E and Jack, Robert L},
  journal={Physical Review E},
  volume={103},
  number={2},
  pages={022603},
  year={2021},
  publisher={APS},
  doi={10.1103/PhysRevE.103.022603}
}

@article{dolezal2019large,
  title={Large deviations and optimal control forces for hard particles in one dimension},
  author={Dolezal, Jakub and Jack, Robert L},
  journal={Journal of Statistical Mechanics: Theory and Experiment},
  volume={2019},
  number={12},
  pages={123208},
  year={2019},
  publisher={IOP Publishing},
  doi={10.1088/1742-5468/ab4801}
}

@book{den2008large,
  title={Large deviations},
  author={den Hollander, Frank},
  volume={14},
  year={2008},
  publisher={American Mathematical Soc.},
  isbn={978-0-8218-1989-0}
}

@article{cagnetta2017large,
  title={Large fluctuations and dynamic phase transition in a system of self-propelled particles},
  author={Cagnetta, Francesco and Corberi, Federico and Gonnella, Giuseppe and Suma, Antonio},
  journal={Physical Review Letters},
  volume={119},
  number={15},
  pages={158002},
  year={2017},
  publisher={APS},
  doi={10.1103/PhysRevLett.119.158002}
}

@article{whitelam2018phase,
  title={Phase separation and large deviations of lattice active matter},
  author={Whitelam, Stephen and Klymko, Katherine and Mandal, Dibyendu},
  journal={The Journal of Chemical Physics},
  volume={148},
  number={15},
  pages={154902},
  year={2018},
  publisher={AIP Publishing LLC},
  doi={10.1063/1.5023403}
}

@article{grandpre2021entropy,
  title={Entropy production fluctuations encode collective behavior in active matter},
  author={GrandPre, Trevor and Klymko, Katherine and Mandadapu, Kranthi K and Limmer, David T},
  journal={Physical Review E},
  volume={103},
  number={1},
  pages={012613},
  year={2021},
  publisher={APS},
  doi={10.1103/PhysRevE.103.012613}
}
