@article{cates2015motility,
  title={Motility-induced phase separation},
  author={Cates, Michael E and Tailleur, Julien},
  journal={Annu. Rev. Condens. Matter Phys.},
  volume={6},
  number={1},
  pages={219--244},
  year={2015},
  publisher={Annual Reviews}
}

@article{marchetti2013hydrodynamics,
  title={Hydrodynamics of soft active matter},
  author={Marchetti, M Cristina and Joanny, Jean-Fran{\c{c}}ois and Ramaswamy, Sriram and Liverpool, Tanniemola B and Prost, Jacques and Rao, Madan and Simha, R Aditi},
  journal={Reviews of Modern Physics},
  volume={85},
  number={3},
  pages={1143},
  year={2013},
  publisher={APS}
}

@article{vicsek1995novel,
  title={Novel type of phase transition in a system of self-driven particles},
  author={Vicsek, Tam{\'a}s and Czir{\'o}k, Andr{\'a}s and Ben-Jacob, Eshel and Cohen, Inon and Shochet, Ofer},
  journal={Physical review letters},
  volume={75},
  number={6},
  pages={1226},
  year={1995},
  publisher={APS}
}

@article{szabo2006phase,
  title={Phase transition in the collective migration of tissue cells: experiment and model},
  author={Szabo, Balint and Sz{\"o}ll{\"o}si, GJ and G{\"o}nci, B and Jur{\'a}nyi, Zs and Selmeczi, David and Vicsek, Tam{\'a}s},
  journal={Physical Review E},
  volume={74},
  number={6},
  pages={061908},
  year={2006},
  publisher={APS}
}

@article{keta2019cooperative,
  title={Cooperative motion and shear strain correlations in dense 2D systems of self-propelled soft disks},
  author={Keta, Yann-Edwin and Rottler, J{\"o}rg},
  journal={EPL (Europhysics Letters)},
  volume={125},
  number={5},
  pages={58004},
  year={2019},
  publisher={IOP Publishing}
}

@article{nardini2017entropy,
  title={Entropy production in field theories without time-reversal symmetry: quantifying the non-equilibrium character of active matter},
  author={Nardini, Cesare and Fodor, {\'E}tienne and Tjhung, Elsen and Van Wijland, Fr{\'e}d{\'e}ric and Tailleur, Julien and Cates, Michael E},
  journal={Physical Review X},
  volume={7},
  number={2},
  pages={021007},
  year={2017},
  publisher={APS}
}

@article{fodor2016far,
  title={How far from equilibrium is active matter?},
  author={Fodor, {\'E}tienne and Nardini, Cesare and Cates, Michael E and Tailleur, Julien and Visco, Paolo and van Wijland, Fr{\'e}d{\'e}ric},
  journal={Physical review letters},
  volume={117},
  number={3},
  pages={038103},
  year={2016},
  publisher={APS}
}

@article{nemoto2019optimizing,
  title={Optimizing active work: Dynamical phase transitions, collective motion, and jamming},
  author={Nemoto, Takahiro and Fodor, Etienne and Cates, Michael E and Jack, Robert L and Tailleur, Julien},
  journal={Physical Review E},
  volume={99},
  number={2},
  pages={022605},
  year={2019},
  publisher={APS}
}

@article{nemoto2016population,
  title={Population-dynamics method with a multicanonical feedback control},
  author={Nemoto, Takahiro and Bouchet, Freddy and Jack, Robert L and Lecomte, Vivien},
  journal={Physical Review E},
  volume={93},
  number={6},
  pages={062123},
  year={2016},
  publisher={APS}
}

@article{tociu2019dissipation,
  title={How Dissipation Constrains Fluctuations in Nonequilibrium Liquids: Diffusion, Structure, and Biased Interactions},
  author={Tociu, Laura and Fodor, {\'E}tienne and Nemoto, Takahiro and Vaikuntanathan, Suriyanarayanan},
  journal={Physical Review X},
  volume={9},
  number={4},
  pages={041026},
  year={2019},
  publisher={APS}
}

@article{fodor2019dissipation,
  title={Dissipation controls transport and phase transitions in active fluids: Mobility, diffusion and biased ensembles},
  author={Fodor, {\'E}tienne and Nemoto, Takahiro and Vaikuntanathan, Suriyanarayanan},
  journal={New Journal of Physics},
  year={2019},
  publisher={IOP Publishing}
}

@article{touchette2009large,
  title={The large deviation approach to statistical mechanics},
  author={Touchette, Hugo},
  journal={Physics Reports},
  volume={478},
  number={1-3},
  pages={1--69},
  year={2009},
  publisher={Elsevier}
}

@article{berthier2019lectures,
  title={Lectures on non-equilibrium active systems},
  author={Berthier, Ludovic and Kurchan, Jorge},
  journal={arXiv preprint arXiv:1906.04039},
  year={2019}
}

@article{brewer2018efficient,
  title={Efficient characterisation of large deviations using population dynamics},
  author={Brewer, Tobias and Clark, Stephen R and Bradford, Russell and Jack, Robert L},
  journal={Journal of Statistical Mechanics: Theory and Experiment},
  volume={2018},
  number={5},
  pages={053204},
  year={2018},
  publisher={IOP Publishing}
}

@phdthesis{lestang2018numerical,
  title={Numerical simulation and rare events algorithms for the study of extreme fluctuations of the drag force acting on an obstacle immersed in a turbulent flow},
  author={Lestang, Thibault},
  year={2018}
}

@article{touchette2018introduction,
  title={Introduction to dynamical large deviations of Markov processes},
  author={Touchette, Hugo},
  journal={Physica A: Statistical Mechanics and its Applications},
  volume={504},
  pages={5--19},
  year={2018},
  publisher={Elsevier}
}

@article{jack2019ergodicity,
  title={Ergodicity and large deviations in physical systems with stochastic dynamics},
  author={Jack, Robert L},
  journal={arXiv preprint arXiv:1910.09883},
  year={2019}
}
