@article{touchette2018introduction,
  title={Introduction to dynamical large deviations of Markov processes},
  author={Touchette, Hugo},
  journal={Physica A: Statistical Mechanics and its Applications},
  volume={504},
  pages={5--19},
  year={2018},
  publisher={Elsevier}
}

@misc{mathieu,
   author = "Wikipedia",
   title = "Mathieu function --- {W}ikipedia{,} The Free Encyclopedia",
   howpublished = "\url{https://en.wikipedia.org/wiki/Mathieu_function}"
 }

@article{grandpre2018current,
  title={Current fluctuations of interacting active Brownian particles},
  author={GrandPre, Trevor and Limmer, David T},
  journal={Physical Review E},
  volume={98},
  number={6},
  pages={060601},
  year={2018},
  publisher={APS}
}

@book{abramowitz1948handbook,
  title={Handbook of mathematical functions with formulas, graphs, and mathematical tables},
  author={Abramowitz, Milton and Stegun, Irene A},
  volume={55},
  year={1948},
  publisher={US Government printing office},
  chapter={20.3.15}
}

@misc{brownian_rotors_ldp,
   author = "Yann-Edwin Keta",
   title = "yketa/{D}{A}{M}{T}{P}\_{M}{S}{C}\_2019\_{W}iki â€” {B}rownian rotors {L}{D}{P}",
   howpublished = "\url{https://yketa.github.io/DAMTP_MSC_2019_Wiki/#Brownian%20rotors%20LDP}"
 }

@article{jack2019ergodicity,
  title={Ergodicity and large deviations in physical systems with stochastic dynamics},
  author={Jack, Robert L},
  journal={arXiv preprint arXiv:1910.09883},
  year={2019}
}
