@article{nemoto2019optimizing,
  title={Optimizing active work: Dynamical phase transitions, collective motion, and jamming},
  author={Nemoto, Takahiro and Fodor, {\'E}tienne and Cates, Michael E and Jack, Robert L and Tailleur, Julien},
  journal={Physical Review E},
  volume={99},
  number={2},
  pages={022605},
  year={2019},
  publisher={APS}
}

@article{keta2020collective,
  title={Collective motion in large deviations of active particles},
  author={Keta, Yann-Edwin and Fodor, {\'E}tienne and van Wijland, Fr{\'e}d{\'e}ric and Cates, Michael E and Jack, Robert L},
  journal={arXiv},
  pages={2009.07112},
  year={2020}
}
